@article{doob1944,
author = "Doob, J. L.",
doi = "10.1214/aoms/1177731234",
fjournal = "The Annals of Mathematical Statistics",
journal = "Ann. Math. Statist.",
month = "09",
number = "3",
pages = "229--282",
publisher = "The Institute of Mathematical Statistics",
title = "The Elementary Gaussian Processes",
url = "https://doi.org/10.1214/aoms/1177731234",
volume = "15",
year = "1944"
}

@book{thomas2011,
title={Manipulating the Multivariate Gaussian Density},
author={Sch√∂n, T.B.},
url={http://user.it.uu.se/~thosc112/pubpdf/schonl2011.pdf},
year={2011}
}

@book{graybill2001matrices,
  title={Matrices with Applications in Statistics},
  author={Graybill, F.A.},
  isbn={9780534401313},
  series={Duxbury Classic Series},
  url={https://books.google.com.br/books?id=BV3CAAAACAAJ},
  year={2001},
  publisher={Brooks/Cole}
}

@book{dhrymes2013mathematics,
  title={Mathematics for Econometrics},
  author={Dhrymes, P.J.},
  isbn={9781461481454},
  lccn={2013944568},
  series={SpringerLink : B{\"u}cher},
  url={https://books.google.com.br/books?id=HIK8BAAAQBAJ},
  year={2013},
  publisher={Springer New York}
}

@book{bishop2016pattern,
  title={Pattern Recognition and Machine Learning},
  author={Bishop, C.M.},
  isbn={9781493938438},
  lccn={2006922522},
  series={Information Science and Statistics},
  url={https://books.google.com.br/books?id=kOXDtAEACAAJ},
  year={2016},
  publisher={Springer New York}
}

@TechReport{hennig-tr-is-8,
author = {Philipp Hennig},
title = {Animating Samples from Gaussian Distributions},
institution = {Max Planck Institute for Intelligent Systems},
year = 2013,
type = {Technical Report},
number = 8,
address = {Spemannstra{\ss}e, 72076 T{\"u}bingen, Germany},
month = {September}
}

@book{AksuAnil2018,
author = {Aksu, Anil},
year = {2018},
month = {01},
pages = {},
title = {Decision Theory and Bayesian Analysis}
}